@book{Motwani:1995:RA:211390,
 author = {Motwani, Rajeev and Raghavan, Prabhakar},
 title = {Randomized Algorithms},
 year = {1995},
 isbn = {0-521-47465-5, 9780521474658},
 publisher = {Cambridge University Press},
 address = {New York, NY, USA},
}
